@misc{stylegan,
    title={A Style-Based Generator Architecture for Generative Adversarial Networks}, 
    author={Tero Karras and Samuli Laine and Timo Aila},
    year={2019},
    eprint={1812.04948},
    archivePrefix={arXiv},
    primaryClass={cs.NE}
}
@misc{stylegan2,
    title={Analyzing and Improving the Image Quality of StyleGAN}, 
    author={Tero Karras and Samuli Laine and Miika Aittala and Janne Hellsten and Jaakko Lehtinen and Timo Aila},
    year={2020},
    eprint={1912.04958},
    archivePrefix={arXiv},
    primaryClass={cs.CV}
}
@misc{stylegan2-ada,
    title={Training Generative Adversarial Networks with Limited Data}, 
    author={Tero Karras and Miika Aittala and Janne Hellsten and Samuli Laine and Jaakko Lehtinen and Timo Aila},
    year={2020},
    eprint={2006.06676},
    archivePrefix={arXiv},
    primaryClass={cs.CV}
}
@misc{venkatesh2020gan,
    title={Can GAN Generated Morphs Threaten Face Recognition Systems Equally as Landmark Based Morphs? -- Vulnerability and Detection}, 
    author={Sushma Venkatesh and Haoyu Zhang and Raghavendra Ramachandra and Kiran Raja and Naser Damer and Christoph Busch},
    year={2020},
    eprint={2007.03621},
    archivePrefix={arXiv},
    primaryClass={cs.CV}
}
@misc{sarkar2020vulnerability,
    title={Vulnerability Analysis of Face Morphing Attacks from Landmarks and Generative Adversarial Networks}, 
    author={Eklavya Sarkar and Pavel Korshunov and Laurent Colbois and SÃ©bastien Marcel},
    year={2020},
    eprint={2012.05344},
    archivePrefix={arXiv},
    primaryClass={cs.CV}
}
@misc{stylegan-encoder,
    author={Dmitry Nikitko},
    title={StyleGAN - Encoder for official TensorFlow implementation},
    year={2019},
    url={https://github.com/Puzer/stylegan-encoder}
}
@misc{abdal2019image2stylegan,
    title={Image2StyleGAN: How to Embed Images Into the StyleGAN Latent Space?}, 
    author={Rameen Abdal and Yipeng Qin and Peter Wonka},
    year={2019},
    eprint={1904.03189},
    archivePrefix={arXiv},
    primaryClass={cs.CV}
}
@misc{london,
    title={Face Research Lab London Set},
    url={https://figshare.com/articles/dataset/Face_Research_Lab_London_Set/5047666/5},
    DOI={10.6084/m9.figshare.5047666.v5},
    publisher={figshare},
    author={DeBruine, Lisa and Jones, Benedict},
    year={2017},
    month={May}
} 
